@article{molzahn2017survey,
  title={A survey of distributed optimization and control algorithms for electric power systems},
  author={Molzahn, Daniel K and D{\"o}rfler, Florian and Sandberg, Henrik and Low, Steven H and Chakrabarti, Sambuddha and Baldick, Ross and Lavaei, Javad},
  journal={IEEE Transactions on Smart Grid},
  volume={8},
  number={6},
  pages={2941--2962},
  year={2017},
  publisher={IEEE}
}

@article{maknouninejad2014realizing,
  title={Realizing unified microgrid voltage profile and loss minimization: A cooperative distributed optimization and control approach},
  author={Maknouninejad, Ali and Qu, Zhihua},
  journal={IEEE Transactions on Smart Grid},
  volume={5},
  number={4},
  pages={1621--1630},
  year={2014},
  publisher={IEEE}
}

@article{gan2016online,
  title={An online gradient algorithm for optimal power flow on radial networks},
  author={Gan, Lingwen and Low, Steven H},
  journal={IEEE Journal on Selected Areas in Communications},
  volume={34},
  number={3},
  pages={625--638},
  year={2016},
  publisher={IEEE}
}

@article{xin2011co,
  title={Cooperative control strategy for multiple photovoltaic generators in distribution networks},
  author={Xin, H and Lu, Z and Qu, Z and Gan, D and Qi, D},
  journal={IET control theory and applications},
  volume={5},
  number={14},
  pages={1617--1629},
  year={2011},
  publisher={IET},
}


@article{nedic2009distributed,
  title={Distributed subgradient methods for multi-agent optimization},
  author={Nedic, Angelia and Ozdaglar, Asuman},
  journal={IEEE Transactions on Automatic Control},
  volume={54},
  number={1},
  pages={48--61},
  year={2009},
  publisher={IEEE}
}
@book{qu2009cooperative,
  title={Cooperative control of dynamical systems: applications to autonomous vehicles},
  author={Qu, Zhihua},
  year={2009},
  publisher={Springer Science \& Business Media}
}

@article{rathbun2018impact,
  title={Impact Studies and Cooperative Voltage Control for High PV Penetration},
  author={Rathbun, Michael and Xu, Ying and Qu, Zhihua and Sun, Wei and others},
  journal={IFAC-PapersOnLine},
  volume={51},
  number={28},
  pages={684--689},
  year={2018},
  publisher={Elsevier}
}
@article{azwirman2019res,
title={Resilient Cooperative Voltage Control for Distribution Network with High
Penetration Distributed Energy Resources},
author={A. {Gusrialdi} and Y. {Xu} and Z. {Qu}},
journal={ECC (under review)},
  year={2020},
}
@article{miu2000existence,
  title={Existence, uniqueness, and monotonic properties of the feasible power flow solution for radial three-phase distribution networks},
  author={Miu, Karen Nan and Chiang, Hsiao-Dong},
  journal={IEEE Transactions on Circuits and Systems I: Fundamental Theory and Applications},
  volume={47},
  number={10},
  pages={1502--1514},
  year={2000},
  publisher={IEEE}
}

@ARTICLE{Lopes2006, 
author={J. A. P. {Lopes} and C. L. {Moreira} and A. G. {Madureira}}, 
journal={IEEE Transactions on Power Systems}, 
title={Defining control strategies for MicroGrids islanded operation}, 
year={2006}, 
volume={21}, 
number={2}, 
pages={916-924}, 
doi={10.1109/TPWRS.2006.873018}, 
ISSN={0885-8950}, 
month={May},}

@ARTICLE{Kroposki2017achieve, 
author={B. {Kroposki} and B. {Johnson} and Y. {Zhang} and V. {Gevorgian} and P. {Denholm} and B. {Hodge} and B. {Hannegan}}, 
journal={IEEE Power and Energy Magazine}, 
title={Achieving a 100\% Renewable Grid: Operating Electric Power Systems with Extremely High Levels of Variable Renewable Energy}, 
year={2017}, 
volume={15}, 
number={2}, 
pages={61-73}, 
month={March},}

@ARTICLE{yu2012inte, 
author={Y. {Yu} and T. {Choi} and C. {Hui}}, 
journal={IEEE Transactions on Automation Science and Engineering}, 
title={An Intelligent Quick Prediction Algorithm With Applications in Industrial Control and Loading Problems}, 
year={2012}, 
volume={9}, 
number={2}, 
pages={276-287}, 
}

@ARTICLE{guan2013hyb, 
author={C. {Guan} and P. B. {Luh} and L. D. {Michel} and Z. {Chi}}, 
journal={IEEE Transactions on Power Systems}, 
title={Hybrid Kalman Filters for Very Short-Term Load Forecasting and Prediction Interval Estimation}, 
year={2013}, 
volume={28}, 
number={4}, 
pages={3806-3817}, 
}

@ARTICLE{Torquato2018com, 
author={R. {Torquato} and D. {Salles} and C. {Oriente Pereira} and P. C. M. {Meira} and W. {Freitas}}, 
journal={IEEE Transactions on Power Delivery}, 
title={A Comprehensive Assessment of PV Hosting Capacity on Low-Voltage Distribution Systems}, 
year={2018}, 
volume={33}, 
number={2}, 
pages={1002-1012}, 
}
@ARTICLE{Salih2014opt, 
author={S. {Nursebo Salih} and P. {Chen} and O. {Carlson} and L. B. {Tjernberg}}, 
journal={IEEE Transactions on Power Delivery}, 
title={Optimizing Wind Power Hosting Capacity of Distribution Systems Using Cost Benefit Analysis}, 
year={2014}, 
volume={29}, 
number={3}, 
pages={1436-1445}, 
}

@article{ismael2019state,
  title={State-of-the-art of hosting capacity in modern power systems with distributed generation},
  author={Ismael, Sherif M and Aleem, Shady HE Abdel and Abdelaziz, Almoataz Y and Zobaa, Ahmed F},
  journal={Renewable energy},
  volume={130},
  pages={1002--1020},
  year={2019},
  publisher={Elsevier}
}
@inproceedings{walla2012determining,
  title={Determining and increasing the hosting capacity for photovoltaics in Swedish distribution grids},
  author={Walla, Tobias and Wid{\'e}n, Joakim and Johansson, Joar and Bergerland, Christer},
  booktitle={27th European Photovoltaic Energy Conference (EU-PVSEC), Frankfurt, Germany, September 24-28, 2012},
  year={2012}
}

@inproceedings{rylander2015streamlined,
  title={Streamlined method for determining distribution system hosting capacity},
  author={Rylander, Matthew and Smith, Jeff and Sunderman, Wes},
  booktitle={2015 IEEE Rural Electric Power Conference},
  pages={3--9},
  year={2015},
  organization={IEEE}
}


@article{xia2018fully,
  title={A fully distributed hierarchical control framework for coordinated operation of DERs in active distribution power networks},
  author={Xia, Shiwei and Bu, Siqi and Wan, Can and Lu, Xi and Chan, Ka Wing and Zhou, Bin},
  journal={IEEE Transactions on Power Systems},
  year={2018},
  publisher={IEEE}
}

@article{xu2019data,
  title={Data-Driven Wide-Area Control Design of Power System Using the Passivity Shortage Framework},
  author={Xu, Ying and Qu, Zhihua and Harvey, Roland and Namerikawa, Toru},
  journal={arXiv preprint arXiv:1907.08289},
  year={2019}
}

@incollection{Gusrialdi2019,
  author      ={A. Gusrialdi and Y. Xu and Z. Qu and M.A. Simaan},
  title       ={A Real-Time Big Data Control-Theoretical Framework for Cyber-Physical-Human Systems},
  editor      = {M. Blondin and P. M. Pardalos and J. S. SÃ¡ez},
  booktitle   = {"Computational Intelligence and Optimization Methods for Control Engineering"},
  publisher   = {Springer Nature Switzerland AG},
  year        = 2019,
  pages       = {"1-25"},
  chapter     = 7,
}